@book{herlihy2012art,
  title={The Art of Multiprocessor Programming, Revised Reprint},
  author={Herlihy, Maurice and Shavit, Nir},
  year={2012},
  publisher={Elsevier}
}
@article{Meentemeyer2012,
author = {Meentemeyer, Ross K. and Tang, Wenwu and Dorning, Monica A. and Vogler, John B. and Cunniffe, Nik J. and Shoemaker, Douglas A.},
doi = {10.1080/00045608.2012.707591},
isbn = {0004-5608},
issn = {0004-5608},
journal = {Annals of the Association of American Geographers},
number = {4},
pages = {785--807},
title = {{FUTURES: Multilevel Simulations of Emerging Urban–Rural Landscape Structure Using a Stochastic Patch-Growing Algorithm}},
volume = {103},
year = {2013}
}

@inproceedings{pontika2015fostering,
  title={Fostering open science to research using a taxonomy and an eLearning portal},
  author={Pontika, Nancy and Knoth, Petr and Cancellieri, Matteo and Pearce, Samuel},
  booktitle={Proceedings of the 15th International Conference on Knowledge Technologies and Data-driven Business},
  pages={11},
  year={2015},
  organization={ACM}
}

@article{Rey2014,
author="Rey, Sergio J.",
title="Open regional science",
journal="The Annals of Regional Science",
year="2014",
volume="52",
number="3",
pages="825--837",
issn="1432-0592",
doi="10.1007/s00168-014-0611-7",
url="http://dx.doi.org/10.1007/s00168-014-0611-7"
}

@article{easterbrook2014open,
  title={Open code for open science?},
  author={Easterbrook, Steve M},
  journal={Nature Geoscience},
  volume={7},
  number={11},
  pages={779--781},
  year={2014},
  publisher={Nature Publishing Group}
}

@article{wilson2014best,
  title={Best practices for scientific computing},
  author={Wilson, Greg and Aruliah, DA and Brown, C Titus and Hong, Neil P Chue and Davis, Matt and Guy, Richard T and Haddock, Steven HD and Huff, Kathryn D and Mitchell, Ian M and Plumbley, Mark D and others},
  journal={PLoS Biol},
  volume={12},
  number={1},
  pages={e1001745},
  year={2014},
  publisher={Public Library of Science}
}

@article{fragstats,
  title={{FRAGSTATS v4: spatial pattern analysis program for categorical and continuous maps}},
  author={McGarigal, K and Cushman, SA and Ene, E},
  journal={Computer software program produced by the authors at the University of Massachusetts, Amherst},
  year={2012}
}
@inproceedings{chemin2015grass,
  title={{GRASS GIS: a peer-reviewed scientific platform and future research repository}},
  author={Chemin, Yann and Petras, Vaclav and Petrasova, Anna and Landa, Martin and Gebbert, S{\"o}ren and Zambelli, Pietro and Neteler, Markus and L{\"o}we, Peter and Di Leo, Margherita},
  booktitle={Geophysical Research Abstracts},
  volume={17},
  pages={8314},
  year={2015}
}

@article{chaudhuri2013sleuth,
  title={The SLEUTH land use change model: A review},
  author={Chaudhuri, Gargi and Clarke, Keith C},
  journal={International Journal of Environmental Resources Research},
  volume={1},
  number={1},
  pages={88--104},
  year={2013},
  publisher={Gorgan University of Agricultural Sciences and Natural Resources}
}

@article{Dorning2015,
author = {Dorning, Monica A and Koch, Jennifer and Shoemaker, Douglas A and Meentemeyer, Ross K},
doi = {10.1016/j.landurbplan.2014.11.011},
file = {:home/anna/Documents/ReferencesMendeley/Dorning et al/Dorning et al. - 2015 - Simulating urbanization scenarios reveals tradeoffs between conservation planning strategies.pdf:pdf},
issn = {0169-2046},
journal = {Landscape and Urban Planning},
pages = {28--39},
publisher = {Elsevier B.V.},
title = {{Simulating urbanization scenarios reveals tradeoffs between conservation planning strategies}},
url = {http://dx.doi.org/10.1016/j.landurbplan.2014.11.011},
volume = {136},
year = {2015}
}

@article{Brian2016,
author = {Pickard, Brian R and  Van Berkel, Derek and Petrasova, Anna and Meentemeyer, Ross K},
title = {{Future patterns of urbanization reveal trade-offs among ecosystem services}},
year = {in prep.}
}

@article{verburg2002modeling,
  title={{Modeling the spatial dynamics of regional land use: the CLUE-S model}},
  author={Verburg, Peter H and Soepboer, Welmoed and Veldkamp, A and Limpiada, Ramil and Espaldon, Victoria and Mastura, Sharifah SA},
  journal={Environmental management},
  volume={30},
  number={3},
  pages={391--405},
  year={2002},
  publisher={Springer}
}

@article{sohl2007fore,
  title={{The FORE-SCE model: a practical approach for projecting land cover change using scenario-based modeling}},
  author={Sohl, Terry L and Sayler, Kristi L and Drummond, Mark A and Loveland, Thomas R},
  journal={Journal of Land Use Science},
  volume={2},
  number={2},
  pages={103--126},
  year={2007},
  publisher={Taylor \& Francis}
}

@article{jantz2005analysis,
  title={Analysis of scale dependencies in an urban land-use-change model},
  author={Jantz, Claire A and Goetz, Scott J},
  journal={International Journal of Geographical Information Science},
  volume={19},
  number={2},
  pages={217--241},
  year={2005},
  publisher={Taylor \& Francis}
}
@article{waddell2002urbansim,
  title={{UrbanSim: Modeling urban development for land use, transportation, and environmental planning}},
  author={Waddell, Paul},
  journal={Journal of the American Planning Association},
  volume={68},
  number={3},
  pages={297--314},
  year={2002},
  publisher={Taylor \& Francis}
}

@article{alberti2005effects,
  title={The effects of urban patterns on ecosystem function},
  author={Alberti, Marina},
  journal={International regional science review},
  volume={28},
  number={2},
  pages={168--192},
  year={2005},
  publisher={Sage Publications}
}

@book{Neteler08,
address = {New York},
author = {Neteler, M and Mitasova, Helena},
publisher = {Springer},
title = {{Open Source GIS: A GRASS GIS Approach}},
volume = {773},
year = {2008}
}

@article{nlcd2011,
  title={{Completion of the 2011 National Land Cover Database for the conterminous United States -- Representing a decade of land cover change information}},
  author={Homer, C.G. and Dewitz, J.A. and Yang, L. and Jin, S. and Danielson, P. and Xian, G. and Coulston, J. and Herold, N.D. and Wickham, J.D. and and Megown, K.},
  journal={Photogrammetric Engineering and Remote Sensing},
  volume={81},
  number={5},
  pages={345--354},
  year={2015}
}

@article{nlcd2006,
  title={{Completion of the 2006 National Land Cover Database for the Conterminous United States}},
  author={Fry, J. and Xian, G. and Jin, S. and Dewitz, J. and Homer, C. and Yang, L. and Barnes, C. and Herold, N. and Wickham, J.},
  journal={PE\&RS},
  volume={77},
  number={9},
  pages={858--864},
  year={2011}
}
@article{nlcd2001,
  title={{Completion of the 2001 National Land Cover Database for the Conterminous United States}},
  author={Homer, C. and Dewitz, J. and Fry, J. and Coan, M. and Hossain, N. and Larson, C. and Herold, N. and McKerrow, A. and VanDriel, J.N. and Wickham, J.},
  journal={Photogrammetric Engineering and Remote Sensing},
  volume={73},
  number={4},
  pages={337--341},
  year={2007}
}

@techreport{nlcdretro,
  title={{Completion of the National Land Cover Database (NLCD) 1992--2001 Land Cover Change Retrofit Product}},
  author={Fry, J.A. and Coan, M.J. and Homer, C.G. and Meyer, D.K. and Wickham, J.D.},
  pages={18},
  year={2009},
  institution={U.S. Geological Survey Open-File Report 2008–1379}
}
@article{anderson2011conservation,
  title={{Conservation Status of Fish, Wildlife, and Natural Habitats in the Northeast Landscape: Implementation of the Northeast Monitoring Framework}},
  author={Anderson, MG and Sheldon, A Olivero},
  journal={The Nature Conservancy, Eastern Conservation Science},
  year={2011}
}

@misc{NCOSBM,
author = {{NCOSBM}},
institution = {North Carolina Office of State Budget and Management},
title = {{County/State Population Projections}},
url = {https://www.osbm.nc.gov/demog/county-projections},
year = {2015}
}

@Manual{rstats,
    title = {R: A Language and Environment for Statistical Computing},
    author = {{R Development Core Team}},
    organization = {R Foundation for Statistical Computing},
    address = {Vienna, Austria},
    year = {2008},
    note = {{ISBN} 3-900051-07-0},
    url = {http://www.R-project.org},
  }
  
@Manual{mumin,
    title = {MuMIn: Multi-Model Inference},
    author = {Kamil Bartoń},
    year = {2015},
    note = {R package version 1.15.1},
    url = {http://CRAN.R-project.org/package=MuMIn},
  }


@Manual{lme4,
  title={{lme4: Linear mixed-effects models using Eigen and S4}},
  author={Bates, Douglas and Maechler, Martin and Bolker, Ben and Walker, Steven},
  note={R package version 1.1-9},
  year={2015}
}
